<?xml version="1.0" encoding="UTF-8"?><record xmlns="http://www.loc.gov/MARC21/slim" xmlns:cinclude="http://apache.org/cocoon/include/1.0" xmlns:zs="http://www.loc.gov/zing/srw/">
  <leader>00491cz  a2200133n  4500</leader>
  <controlfield tag="001">n  82120829 </controlfield>
  <controlfield tag="003">DLC</controlfield>
  <controlfield tag="005">19880330152820.8</controlfield>
  <controlfield tag="008">820903n| acannaab|          |n aaa |||  </controlfield>
  <datafield tag="010" ind1=" " ind2=" ">
    <subfield code="a">n  82120829 </subfield>
  </datafield>
  <datafield tag="040" ind1=" " ind2=" ">
    <subfield code="a">DLC</subfield>
    <subfield code="c">DLC</subfield>
    <subfield code="d">DLC</subfield>
  </datafield>
  <datafield tag="100" ind1="1" ind2="0">
    <subfield code="a">Douglas, Dorothy J.</subfield>
  </datafield>
  <datafield tag="670" ind1=" " ind2=" ">
    <subfield code="a">Roth, J.A. No appointment necessary, 1983 (a.e.)</subfield>
    <subfield code="b">CIP t.p. (Dorothy J. Douglas, Sch. of Nursing, Univ. of Wis., Madison)</subfield>
  </datafield>
  <datafield tag="670" ind1=" " ind2=" ">
    <subfield code="a">Her Pre-hospital emergency care, 1988:</subfield>
    <subfield code="b">CIP t.p. (Dorothy J. Douglas) data sheet (b. 4/29/27)</subfield>
  </datafield>
</record>